<?xml version="1.0" encoding="UTF-8"?><collection xmlns="http://www.loc.gov/MARC21/slim"><record><leader>00465nam--2200181-i-4500</leader><controlfield tag="001">000002497</controlfield><controlfield tag="002">20161230</controlfield><controlfield tag="005">20161230201025</controlfield><controlfield tag="008">060222s1000------------r-----000-0-rum-d</controlfield><datafield ind1=" " ind2=" " tag="040"><subfield code="a">IFIN-HH</subfield></datafield><datafield ind1=" " ind2=" " tag="041"><subfield code="a">rum</subfield></datafield><datafield ind1=" " ind2=" " tag="080"><subfield code="a">532.527</subfield></datafield><datafield ind1="1" ind2=" " tag="100"><subfield code="a">Dinu, Marina</subfield></datafield><datafield ind1="1" ind2="0" tag="245"><subfield code="a">Teoria rotatiei sistemelor fluide</subfield><subfield code="c">Marina Dinu</subfield></datafield><datafield ind1=" " ind2=" " tag="260"><subfield code="a">Bucuresti, Editura Stiintifica Si Enciclopedica, 1983</subfield></datafield><datafield ind1=" " ind2=" " tag="300"><subfield code="a">541P</subfield></datafield><datafield ind1=" " ind2=" " tag="852"><subfield code="a">70927</subfield><subfield code="c">532</subfield></datafield><datafield ind1=" " ind2=" " tag="CAT"><subfield code="a">Sys</subfield><subfield code="c">20100723</subfield><subfield code="h">093627</subfield></datafield></record></collection>